% 强化学习书籍，sutton
@ARTICLE{712192,
  author={Sutton, R.S. and Barto, A.G.},
  journal={IEEE Transactions on Neural Networks}, 
  title={Reinforcement Learning: An Introduction}, 
  year={1998},
  volume={9},
  number={5},
  pages={1054-1054},
  doi={10.1109/TNN.1998.712192}}
